@online{overleafBeamer,
author = {Overleaf},
title = {Beamer},
url = {https://overleaf.com/learn/latex/Beamer},
addendum = {Acesso em: 08/06/2021},
keywords = {latex, beamer}}

@online{overleafTemplates,
author = {Overleaf},
title = {Templates},
url = {https://www.overleaf.com/latex/templates},
addendum = {Acesso em: 08/06/2021},
keywords = {latex, templates}}

@online{overleafDocumentation,
author = {Overleaf},
title = {Documentation},
url = {https://www.overleaf.com/learn},
addendum = {Acesso em: 08/06/2021},
keywords = {latex, documentation}}

@online{TeXLiveHomePage,
author = {TeXLive},
title = {Installing TeX Live over the Internet},
url = {https://www.tug.org/texlive/acquire-netinstall.html},
addendum = {Acesso em: 15/06/2021},
keywords = {documentation,texlive,windows}}

@online{LaTeXWorkshop,
author = {James Yu},
title = {LaTeX Workshop},
url = {https://marketplace.visualstudio.com/items?itemName=James-Yu.latex-workshop},
addendum = {Acesso em: 15/06/2021},
keywords = {documentation,texlive,windows,extens√£o,visualstudio}}

@online{VisualStudioCode,
author = {Microsoft},
title = {Visual Studio Code},
url = {https://code.visualstudio.com/?wt.mc_id=DX_841432},
addendum = {Acesso em: 15/06/2021},
keywords = {documentation,texlive,windows,visualstudio}}